@inproceedings{Ematrix,
 author = {Talbot, Justin and Lee, Bongshin and Kapoor, Ashish and Tan, Desney S.},
 title = {EnsembleMatrix: Interactive Visualization to Support Machine Learning with Multiple Classifiers},
 booktitle = {Proceedings of the SIGCHI Conference on Human Factors in Computing Systems},
 year = {2009},
 pages = {1283--1292},
} 

@article{GBRT,
  author = {Friedman, Jerome H.},
  journal = {Annals of Statistics},
  keywords = {MART approximation boosting function greedy},
  pages = {1189--1232},
  title = {Greedy Function Approximation: A Gradient Boosting Machine},
  volume = 29,
  year = 2000,
}

@inproceedings{aai,
  author = {Amershi, Saleema and Fogarty, James and Kapoor, Ashish and Tan, Desney S.},
  booktitle = {Association for the Advancement of Artificial Intelligence (AAAI)},
  title = {Effective End-User Interaction with Machine Learning.},
  year = 2011,
}

@book{visual,
 author = {Tufte, Edward R.},
 title = {The Visual Display of Quantitative Information},
 year = {1986},
 publisher = {Graphics Press},
 address = {Cheshire, CT, USA},
} 

@book{ML,
  author = {Hastie, Trevor and Tibshirani, Robert and Friedman, Jerome},
  biburl = {http://www.bibsonomy.org/bibtex/2f58afc5c9793fcc8ad8389824e57984c/sb3000},
  series = {Springer Series in Statistics},
  title = {The Elements of Statistical Learning},
  year = 2001,
}